<?xml version="1.0" encoding="UTF-8"?><record xmlns="http://www.loc.gov/MARC21/slim" xmlns:cinclude="http://apache.org/cocoon/include/1.0" xmlns:zs="http://www.loc.gov/zing/srw/">
  <leader>00435nz  a2200133n  4500</leader>
  <controlfield tag="001">no2001092988</controlfield>
  <controlfield tag="003">DLC</controlfield>
  <controlfield tag="005">20011123071006.0</controlfield>
  <controlfield tag="008">011122n| acannaabn          |n aaa     c</controlfield>
  <datafield tag="010" ind1=" " ind2=" ">
    <subfield code="a">no2001092988</subfield>
  </datafield>
  <datafield tag="035" ind1=" " ind2=" ">
    <subfield code="a">(OCoLC)oca05631240</subfield>
  </datafield>
  <datafield tag="040" ind1=" " ind2=" ">
    <subfield code="a">SaFlTSA</subfield>
    <subfield code="b">eng</subfield>
    <subfield code="c">SaFlTSA</subfield>
  </datafield>
  <datafield tag="100" ind1="1" ind2=" ">
    <subfield code="a">Balanoff, Howard R.</subfield>
  </datafield>
  <datafield tag="670" ind1=" " ind2=" ">
    <subfield code="a">Public administration, 98/99, 1998:</subfield>
    <subfield code="b">t.p. (Howard R. Balanoff; prof. of Public Admin. and Pol. Sci. at Southwest Texas State Univ.)</subfield>
  </datafield>
</record>